<record xmlns="http://www.loc.gov/MARC21/slim">
   <leader>01721pam a2200385 a 4500</leader>
   <controlfield tag="001">6740244</controlfield>
   <controlfield tag="003">OCoLC</controlfield>
   <controlfield tag="005">20141022113409.0</controlfield>
   <controlfield tag="008">140220s2015    paua     b    001 0 eng c</controlfield>
   <datafield ind1=" " ind2=" " tag="010">
      <subfield code="a">  2014007128</subfield>
   </datafield>
   <datafield ind1=" " ind2=" " tag="020">
      <subfield code="a">9780812246476 (hardcover : alk. paper)</subfield>
   </datafield>
   <datafield ind1=" " ind2=" " tag="020">
      <subfield code="a">0812246470 (hardcover : alk. paper)</subfield>
   </datafield>
   <datafield ind1=" " ind2=" " tag="035">
      <subfield code="a">ocn871820863</subfield>
   </datafield>
   <datafield ind1=" " ind2=" " tag="040">
      <subfield code="a">PU/DLC</subfield>
      <subfield code="b">eng</subfield>
      <subfield code="c">PAU</subfield>
      <subfield code="d">DLC</subfield>
      <subfield code="d">BTCTA</subfield>
      <subfield code="d">OCLCO</subfield>
      <subfield code="d">OCLCF</subfield>
      <subfield code="d">YDXCP</subfield>
      <subfield code="d">UAB</subfield>
   </datafield>
   <datafield ind1=" " ind2=" " tag="042">
      <subfield code="a">pcc</subfield>
   </datafield>
   <datafield ind1=" " ind2=" " tag="043">
      <subfield code="a">n-us-ny</subfield>
      <subfield code="a">n-us-nj</subfield>
      <subfield code="a">n-us-de</subfield>
   </datafield>
   <datafield ind1="0" ind2="0" tag="050">
      <subfield code="a">F157.D4</subfield>
      <subfield code="b">S68 2015</subfield>
   </datafield>
   <datafield ind1="0" ind2="0" tag="082">
      <subfield code="a">974.9</subfield>
      <subfield code="2">23</subfield>
   </datafield>
   <datafield ind1=" " ind2=" " tag="090">
      <subfield code="a">F 157 D4 S68 2015</subfield>
      <subfield code="b">AEU</subfield>
   </datafield>
   <datafield ind1="1" ind2=" " tag="100">
      <subfield code="a">Soderlund, Jean R.,</subfield>
      <subfield code="d">1947-</subfield>
      <subfield code="e">author.</subfield>
   </datafield>
   <datafield ind1="1" ind2="0" tag="245">
      <subfield code="a">Lenape country :</subfield>
      <subfield code="b">Delaware Valley society before William Penn /</subfield>
      <subfield code="c">Jean R. Soderlund.</subfield>
   </datafield>
   <datafield ind1=" " ind2=" " tag="260">
      <subfield code="a">Philadelphia :</subfield>
      <subfield code="b">University of Pennsylvania Press,</subfield>
      <subfield code="c">c2015.</subfield>
   </datafield>
   <datafield ind1=" " ind2=" " tag="300">
      <subfield code="a">252 p. :</subfield>
      <subfield code="b">ill. ;</subfield>
      <subfield code="c">24 cm.</subfield>
   </datafield>
   <datafield ind1="1" ind2=" " tag="490">
      <subfield code="a">Early American studies</subfield>
   </datafield>
   <datafield ind1=" " ind2=" " tag="504">
      <subfield code="a">Includes bibliographical references and index.</subfield>
   </datafield>
   <datafield ind1=" " ind2=" " tag="596">
      <subfield code="a">43</subfield>
   </datafield>
   <datafield ind1=" " ind2="0" tag="650">
      <subfield code="a">Delaware Indians</subfield>
      <subfield code="z">Delaware River Valley (N.Y.-Del. and N.J.)</subfield>
      <subfield code="x">History</subfield>
      <subfield code="y">17th century.</subfield>
   </datafield>
   <datafield ind1=" " ind2="0" tag="650">
      <subfield code="a">Delaware Indians</subfield>
      <subfield code="z">Delaware River Valley (N.Y.-Del. and N.J.)</subfield>
      <subfield code="x">Government relations</subfield>
      <subfield code="x">History</subfield>
      <subfield code="y">17th century.</subfield>
   </datafield>
   <datafield ind1=" " ind2="0" tag="650">
      <subfield code="a">Indians of North America</subfield>
      <subfield code="x">History</subfield>
      <subfield code="y">Colonial period, ca. 1600-1775.</subfield>
   </datafield>
   <datafield ind1=" " ind2="0" tag="651">
      <subfield code="a">Delaware River Valley (N.Y.-Del. and N.J.)</subfield>
      <subfield code="x">Ethnic relations</subfield>
      <subfield code="x">History</subfield>
      <subfield code="y">17th century.</subfield>
   </datafield>
   <datafield ind1=" " ind2="0" tag="651">
      <subfield code="a">Delaware River Valley (N.Y.-Del. and N.J.)</subfield>
      <subfield code="x">Social conditions</subfield>
      <subfield code="y">17th century.</subfield>
   </datafield>
   <datafield ind1=" " ind2="0" tag="651">
      <subfield code="a">Delaware River Valley (N.Y.-Del. and N.J.)</subfield>
      <subfield code="x">History</subfield>
      <subfield code="y">17th century.</subfield>
   </datafield>
   <datafield ind1=" " ind2="0" tag="830">
      <subfield code="a">Early American studies.</subfield>
   </datafield>
   <datafield ind1=" " ind2=" " tag="949">
      <subfield code="a">F 157 D4 S68 2015</subfield>
      <subfield code="c">1</subfield>
      <subfield code="h">UAHS-B</subfield>
      <subfield code="i">0162035181138</subfield>
   </datafield>
   <datafield ind1=" " ind2=" " tag="926">
      <subfield code="a">F 157 D4 S68 2015</subfield>
      <subfield code="w">LC</subfield>
      <subfield code="c">1</subfield>
      <subfield code="i">0162035181138</subfield>
      <subfield code="l">ON_SHELF</subfield>
      <subfield code="m">UAHSS</subfield>
      <subfield code="p">$150.00</subfield>
      <subfield code="r">Y</subfield>
      <subfield code="s">Y</subfield>
      <subfield code="t">BOOK</subfield>
      <subfield code="u">11/19/2014</subfield>
   </datafield>
</record>
